@misc{nielsen2002quantum,
  title={Quantum computation and quantum information},
  author={Nielsen, Michael A and Chuang, Isaac},
  year={2002},
  publisher={AAPT}
}


@article{DBLP:journals/corr/abs-1708-03684,
  author    = {Giacomo Nannicini},
  title     = {An Introduction to Quantum Computing, Without the Physics},
  journal   = {CoRR},
  volume    = {abs/1708.03684},
  year      = {2017},
  url       = {http://arxiv.org/abs/1708.03684},
  archivePrefix = {arXiv},
  eprint    = {1708.03684},
  timestamp = {Mon, 13 Aug 2018 16:48:35 +0200},
  biburl    = {https://dblp.org/rec/bib/journals/corr/abs-1708-03684},
  bibsource = {dblp computer science bibliography, https://dblp.org}
}

@article{van2018quantum,
  title={Quantum Algorithms and their Implementation on Quantum Computer Simulators},
  author={van der Lans, Mike},
  url={https://repository.tudelft.nl/islandora/object/uuid:f05164dd-b853-41a1-a9e9-394cb7a1105e},
  year={2018}
}


@article{ Qiskit,
       author = {H{\'e}ctor Abraham and Ismail Yunus Akhalwaya et al.},
       title = {Qiskit: An Open-source Framework for Quantum Computing},
       year = {2019},
       url = {https://doi.org/10.5281/zenodo.2562111}
}

